@misc{coursera,
    author = "Andrew Ng",
    title = "Machine Learning",
    year = "2015",
    howpublished = "\texttt{https://www.coursera.org/learn/machine-learning/}"
}

@misc{caltech,
    author = "Yaser Abu-Mostafa",
    title = "Machine Learning",
    year = "2015",
    howpublished = "\texttt{https://work.caltech.edu/telecourse.html}"
}

@misc{python,
    author = "Eric Grimson, John Guttag et Ana Bell",
    title = "Introduction to Computer Science and Programming Using Python",
    year = "2015",
    howpublished =
        "\texttt{https://www.edx.org/course/introduction-computer-science-mitx-6-00-1x-7}"
}

@misc{pydoc,
    title = "Python official documentation",
    year = "2016",
    howpublished = "\texttt{https://docs.python.org/3.4}"
}

@misc{ml-intro,
    author = "Stephanie Yee et Tony Chu",
    title = "A Visual Introduction to Machine Learning",
    year = "2016",
    howpublished =
        "\texttt{http://www.r2d3.us/visual-intro-to-machine-learning-part-1/}"
}

@article{gb-tuto,
    author = "Alexey Natekin et Alois Knoll",
    title = "Gradient boosting machines, a tutorial",
    year = "2013",
    month = "DÃ©cembre",
    journal = "Frontiers in Neurobotics"
}

@misc{nn-tuto,
    author = "Herbert Jaeger",
    title =
        "A tutorial on training recurrent neural networks, covering {BPPT}, {RTRL}, {EKF} and the echo state network approach",
    year = "2013",
    howpublished =
        "\texttt{http://minds.jacobs-university.de/sites/default/files/uploads/papers/ESNTutorialRev.pdf}"
}
